1298 1775
232 425 321 449 Sepultura

254 451 296 462 eius.

239 595 278 611 Eius
293 595 313 611 de

233 617 324 641 Republica

228 640 287 663 merita
295 643 324 655 va-

262 665 291 676 ria.

235 985 316 1001 Rumorve

240 1006 281 1022 varii
293 1007 313 1022 (le

232 1028 293 1044 nostris
304 1028 321 1043 in

236 1049 315 1065 Valachia

231 1071 320 1087 solvuntur

238 1092 314 1108 Tartaro-

228 1118 264 1129 rum
272 1113 324 1134 irrup-

253 1135 302 1151 tione.

264 1301 291 1317 28.

227 1322 253 1338 Ad
259 1322 324 1338 litteras

239 1343 311 1359 aliorum

227 1369 261 1381 non
270 1365 310 1381 remi
313 1366 326 1380 l—

231 1386 290 1402 tendus
303 1386 320 1402 P.

231 1407 321 1423 Generalis.

227 1437 269 1453 Unio
286 1442 324 1453 curn

230 1458 285 1474 Acade
288 1458 321 1474 mia

227 1480 256 1496 seh
259 1484 268 1495 o
271 1479 323 1496 larum

227 1503 304 1517 nostran·
307 1506 323 1517 m

228 1522 305 1539 differtur
309 1522 326 1538 in

335 184 361 204 30
663 184 722 201 Annus
733 184 779 201 1620.

335 249 465 269 munificentia
478 250 576 274 promovit
588 251 608 269 et
621 251 689 268 contra
703 251 779 269 nostros
794 250 857 269 varios
871 250 936 269 hostes
950 251 991 269 tam
1008 250 1028 268 in
1038 250 1097 269 Comi—
1115 240 1116 245 ¹

335 285 366 303 tiis
379 284 439 308 Regni
453 284 583 308 Generalibus,
597 290 657 308 quam
670 284 715 303 alibi
730 284 845 303 acerrimum
858 290 900 304 sese
915 284 1037 304 defensorem
1048 285 1097 304 exhi-

335 319 381 338 buit.
404 319 465 338 Ooeisi
484 321 547 343 caput,
564 319 592 338 uti
608 319 694 343 dicimus,
712 321 834 343 amputatum
852 324 886 343 per
904 321 969 338 castra
987 319 1068 338 Turcica
1080 321 1096 338 et

335 354 436 373 Tartar-ica
449 354 467 372 in
482 354 539 372 hasta
553 359 587 378 pro
602 354 699 378 triumpho
713 353 847 373 circumlatum
860 354 934 377 dicitur,
948 356 1055 378 antequam
1067 359 1096 373 cu—

335 389 359 408 tis
373 394 396 408 ex
411 394 434 408 eo
448 390 467 408 et
481 394 505 408 ex
520 388 567 408 facie
581 388 669 408 detracta
682 390 773 412 certaque
786 389 867 408 materia
877 388 955 413 impleta
964 388 1095 408 Constantino-

335 423 394 447 polim
407 423 573 442 transmitteretur.
601 423 689 442 Truncus
703 423 744 443 eius
757 423 843 447 corporis
859 423 921 447 primo
940 423 1018 447 Bar-um,
1032 425 1093 448 postea

335 458 429 477 Zolkuam
447 458 522 477 delatus
539 460 558 477 et
576 463 588 477 a
606 458 679 482 Regina
697 458 804 477 Herburtea
822 458 950 477 moestissima
968 459 1048 482 coniuge
1065 464 1093 483 per

335 492 443 512 cicatricem
457 492 540 512 vulneris
554 492 579 511 ad
593 492 685 517 Bycinam
698 492 762 511 inssicti
776 493 867 517 cognitus.
881 493 972 512 Portatus
986 493 1054 512 deinde
1062 493 1092 511 mi-

335 527 390 546 litum
404 527 488 547 humeris
502 529 627 547 monumento
640 527 760 552 civitateque,
774 533 833 551 quam
847 528 913 547 vivens
925 530 1053 551 cognomento
1063 533 1092 547 suo

335 562 451 586 condiderat,
466 562 552 586 sepultus
566 564 600 581 est.
615 562 728 582 Excesserat
737 564 792 581 aetas
801 562 842 581 eius
849 568 922 581 annum
931 562 1091 587 septuagesimum.

335 597 421 616 Honores
435 597 520 622 privatos
534 597 659 622 publicosque
677 597 731 616 miles
748 597 832 622 primum
850 597 887 616 sub
905 597 976 616 Ioanne
994 597 1091 620 Zamoscio,

335 632 403 651 deinde
417 632 534 656 equestrium
547 632 647 656 copiarum
660 632 770 652 Praefectus
780 634 881 651 meruerat.
894 631 989 651 Defuncto
999 632 1091 651 Zamoscio

335 667 432 686 Generalis
446 667 489 686 Du
503 667 622 686 exercituum
631 672 666 691 pro
676 672 699 686 co
709 666 771 686 sactus
781 668 800 686 et
809 669 877 691 postea
886 667 944 686 etiam
953 666 1013 691 Regni
1021 666 1093 686 Cancel-

334 701 393 721 larius
407 701 511 721 multorum
526 701 633 720 inimicitias
646 704 742 726 expertus,
757 702 880 726 propensiore
894 701 950 725 Regis
960 707 1020 725 quam
1029 701 1092 720 civium

336 736 401 756 favore
415 736 455 760 suit,
469 737 557 760 quamvis
571 736 597 755 ab
610 736 638 760 iis,
652 736 684 760 qui
701 736 796 755 bonarum
814 737 870 755 erant.
888 736 977 760 paruum,
996 736 1095 755 amabatur

334 773 353 791 ct
367 771 424 790 Pater
438 771 514 790 Patriae
528 771 639 790 vocabatur.
653 771 714 790 Variis
728 771 881 795 expeditionibus
899 771 969 795 clarus,
983 770 1017 790 sed
1037 770 1093 789 maxi-

335 812 366 825 me
379 806 531 829 Moschoviticis;
550 806 582 825 ubi
603 806 704 825 hostilibus
718 806 777 825 armis
790 808 929 830 captorumque
943 805 1053 830 Principum
1065 811 1095 824 ca-

335 838 466 864 tenis,'Basilii
480 841 546 860 Suiscii
561 841 683 865 Imperatoris
699 841 827 865 Moschoviae,
845 840 960 864 loannisque
973 842 993 860 et
1010 840 1095 860 Demetrii

335 875 417 895 fratrum
430 881 515 899 suorum,
528 881 620 899 magnum
633 875 754 899 Sigismundo
762 875 785 894 111
795 875 914 899 triumphum
923 875 1010 900 paravit;
1021 880 1056 894 nec
1064 875 1096 894 mi-

335 916 370 929 nor
383 916 407 930 ex
421 916 444 929 eo
458 910 522 934 gloria.
537 910 588 934 quod
605 910 745 929 incursionibus
764 910 884 929 Kosacorum
902 910 979 934 saepius
1000 910 1096 929 turbatam

336 951 403 969 pacem
416 945 463 964 mire
477 950 522 964 cum
535 945 598 964 Turca
612 945 731 969 temperavit.

399 980 472 999 Interea
485 985 519 1003 per
533 979 633 999 Poloniam
647 979 733 998 nondum
750 980 831 1003 cognito,
849 980 881 1003 qui
897 979 964 999 suisset
977 985 1042 999 rerum
1060 979 1097 998 exi-

336 1016 367 1033 tus
381 1015 399 1033 in
414 1014 510 1038 Valachia7
525 1014 595 1033 mirum
609 1014 666 1038 dictu,
680 1020 739 1038 quam
759 1015 812 1033 varia
826 1020 838 1033 a
855 1015 912 1033 variis
931 1014 1096 1039 perscribebantur

335 1052 354 1069 et
368 1049 502 1068 narrabantur.
516 1049 570 1068 Multi
584 1049 634 1068 hane
648 1051 759 1068 nostrorum
773 1049 849 1068 cladem
863 1049 881 1068 in
896 1049 976 1068 dubium
985 1049 1042 1073 longo
1052 1051 1097 1068 tem-

336 1089 382 1109 pore
395 1084 515 1103 revocabant
529 1085 548 1103 et
561 1084 600 1103 iam
614 1084 681 1108 tristia⁷
695 1084 734 1103 iam
748 1084 799 1103 laeta
817 1084 937 1108 spargebant
965 1084 1002 1103 Sed
1022 1084 1098 1103 tandem

335 1121 460 1143 compertum,
471 1124 494 1138 eo
508 1118 566 1138 modo
575 1124 617 1137 rem
626 1119 737 1143 procesisse,
746 1124 784 1142 quo
793 1119 833 1137 iam
842 1119 948 1143 perscripta
957 1120 990 1138 est.
1006 1118 1029 1137 Et
1036 1118 1098 1138 omnia

335 1153 478 1177 continuarunt,
499 1153 583 1177 Tartari,
601 1153 633 1177 qui
647 1153 727 1172 victoria
741 1154 770 1172 usi
784 1153 802 1172 in
818 1153 881 1172 varias
895 1153 954 1177 Regni
969 1155 1034 1178 partes
1053 1153 1098 1172 irru-

335 1190 403 1213 perant
416 1190 436 1208 et
449 1188 500 1207 circa
515 1188 649 1212 Camenecum,
663 1188 761 1212 Haliciam,
776 1188 899 1212 Rohatinum,
914 1188 1015 1212 Leopolim.
1030 1188 1099 1207 Luoeo-

335 1223 384 1242 riam
399 1223 449 1242 ferro
466 1229 489 1242 ac
503 1223 545 1247 igne
559 1223 624 1242 omnia
642 1224 748 1246 vastarunc
767 1223 863 1246 ingentem
881 1223 980 1242 hominum
999 1228 1098 1242 numerum

336 1259 406 1283 partim
421 1258 538 1277 trucidantes
552 1258 623 1282 partim
638 1258 656 1276 in
671 1258 802 1281 captivitatem
816 1257 913 1277 ducentes.

400 1300 443 1320 Quia
454 1299 502 1315 multi
513 1300 565 1316 nostri
577 1299 594 1315 in
608 1299 658 1315 variis
670 1299 742 1319 negociis
757 1299 778 1315 ad
793 1299 886 1315 Admodum
901 1299 920 1315 R.
936 1299 952 1315 P,
968 1299 1047 1315 Nostrum
1062 1299 1099 1315 scri-

337 1330 394 1346 bentes
405 1334 443 1345 eum
456 1329 476 1345 ad
488 1329 559 1345 aliorum
571 1329 633 1345 litteras
639 1330 656 1345 et
661 1329 757 1345 relationem
766 1329 877 1349 remittebant,
886 1329 929 1345 unde
937 1333 971 1345 non
979 1334 1032 1349 parva
1039 1329 1099 1345 incom-

337 1359 387 1375 moda
398 1359 515 1379 sequebantur,
526 1358 564 1375 ideo
574 1358 617 1374 datis
629 1358 650 1374 10
661 1358 710 1374 liuius
722 1358 742 1374 ad
755 1358 850 1375 Provincias
858 1358 916 1374 litteris
924 1358 993 1378 monuit,
1000 1363 1021 1375 ne
1029 1358 1099 1379 amplius

337 1388 353 1404 id
366 1388 398 1404 liat.

401 1426 480 1445 Modum
494 1426 568 1445 unionis
584 1428 693 1445 nostrarum
707 1426 821 1445 Scholarum
831 1426 989 1445 Cracoviensium
998 1432 1043 1445 cum
1053 1426 1100 1445 Aca-

338 1461 401 1480 demia
415 1461 494 1480 miserat
508 1461 542 1479 15¹
555 1461 612 1480 huius
621 1461 692 1480 mensis
702 1461 795 1480 Martinus
805 1461 932 1485 Szyskowski,
943 1461 1048 1486 Episcopus
1055 1460 1100 1480 Cra-

338 1496 430 1515 coviensis
445 1495 470 1515 ad
483 1495 578 1515 ,iacobum
591 1495 726 1519 Janidlovium,
740 1495 842 1515 Rectorem
851 1495 972 1520 Academiae,
982 1497 1003 1514 ut
1012 1501 1057 1515 eum
1064 1496 1100 1520 pri-

338 1531 398 1550 vatim
412 1530 542 1550 consideraret
557 1532 577 1549 et
594 1533 661 1554 postea
679 1531 713 1550 toti
732 1530 847 1550 Academiae
867 1532 985 1555 proponeret-
1013 1530 1051 1550 Sed
1072 1536 1100 1549 res
