1298 1775
377 182 388 204 g
706 182 765 201 Annus
777 182 824 201 1620.

280 248 357 274 Ioanni&
440 249 562 269 Gravissimis
576 249 654 269 torturis
668 250 693 269 ab
708 251 807 269 haereticis
822 249 905 270 Moravis
919 251 1067 270 excarnificatus
1082 253 1102 270 et
1111 256 1139 275 pe-

267 271 363 313 Msffissgffl,
377 287 463 309 remptus
477 287 506 304 est
519 285 564 304 odio
582 284 625 304 fidei
644 285 755 304 Catholicae
770 285 804 303 17·
817 286 871 304 istius
890 286 961 305 mensis
981 286 1003 305 R
1023 286 1044 305 D.
1059 286 1139 305 Joannes
1153 283 1154 287 ¹

378 319 503 343 Samandrus,
517 319 620 344 Presbyter
633 321 652 339 et
666 320 765 339 Parochus
778 319 821 345 (17¹
837 320 893 339 huius
907 319 986 345 mensis)
1000 320 1096 344 Olomutii,
1111 320 1139 339 ubi
1153 336 1154 343 ,

376 354 435 373 etiam
449 356 541 378 tanquam
555 354 645 379 Martyris
659 360 729 379 eorpus
743 355 783 374 eius
798 355 894 379 sepultum
910 357 979 374 mane«.
996 355 1069 374 Prodiit
1083 355 1107 374 de
1120 361 1139 374 eo

374 389 440 408 concio
455 389 544 408 Polonica
557 388 580 408 R.
594 389 614 408 P.
629 389 707 408 Fabiani
721 389 807 413 Bireovii,
826 389 940 413 Theologiae
954 390 1041 409 Doctoris
1059 390 1138 409 Domini-

374 424 422 447 cani,
437 424 531 448 impressa
544 423 654 443 Craeoviae.

302 458 322 482 ,7-
348 479 351 482 ,
439 458 535 477 Venerunt
548 458 622 477 litterae
636 464 648 477 a
667 458 686 477 P.
698 458 798 478 Valentino
817 459 904 478 Fabricio
923 459 1017 478 Varsavia
1035 459 1070 478 20·
1088 460 1136 478 istius

266 479 364 517 {2322ssss
375 493 451 517 mensis,
471 498 516 512 cum
534 493 604 517 quibus
624 493 703 512 miserat
724 493 780 512 simul
797 494 870 513 litteras
888 494 1005 517 resignantes
1024 494 1136 513 Cathedram

265 522 364 559 Ιζξοὲὲζ-
375 528 421 547 Β““““
432 528 511 552 Virginis
525 527 550 547 ad
564 528 668 547 Consulem
675 528 822 547 Craeoviensein
832 530 850 547 et
859 529 900 547 eius
910 528 1002 552 Collegas,
1013 529 1037 548 de
1046 535 1085 553 qua
1094 534 1135 548 non-

266 564 318 589 brieio
327 568 364 581 unt-
375 563 427 582 nulla
441 563 472 582 hic
485 562 546 582 fusius
560 562 648 582 videntur
666 562 770 582 reserenda.
793 563 823 582 Ab
837 563 892 582 annis
907 563 945 583 sere
959 563 1036 582 duobus
1049 566 1134 583 evocatus

269 586 358 624 ωὲζέἰΡ
375 597 394 617 P.
408 598 519 617 Valentinus
534 597 631 616 Fabricius
646 597 760 616 Varsaviam
773 598 798 617 ad
806 598 953 617 serenissimum
959 598 1036 622 Regem,
1044 601 1065 617 ut
1074 603 1133 617 eoram

374 637 397 651 eo
411 632 561 656 concionaretur,
579 632 619 651 sive
633 632 658 651 ob
673 638 726 656 spem
745 632 836 652 redeundi
851 632 965 652 Cracoviam
979 633 1019 652 sive
1038 633 1063 652 oh
1082 633 1132 657 ipsius

373 667 492 686 Serenissimi
506 667 630 690 voluntatem,
647 666 754 686 Paroehiali
773 667 882 686 Cathedrae
900 673 937 686 nnn
957 668 1106 692 renunciaverat,
1117 667 1131 686 P.

373 701 451 721 Andrea
464 701 597 720 Brzozoviensi
612 701 653 720 eius
667 702 718 720 vloes
732 701 837 721 Cracoviae
851 702 938 721 obeunte.
958 702 1008 721 Dum
1021 708 1067 726 ergo
1081 703 1132 721 hocoe

373 741 438 755 mense
452 737 598 760 resignationem
611 736 699 760 misisset,
714 742 751 755 non
766 742 835 761 parum
851 739 893 756 erat
907 737 992 761 dubium,
1010 739 1086 756 essetne
1099 740 1131 756 sta-

265 749 362 787 tildnaresdg-e-
372 771 407 790 tim
421 771 500 790 Consuli
514 776 537 790 ac
551 771 699 790 Proconsulibus
713 771 811 790 reddenda
821 777 855 791 nec
864 772 901 791 ne?
910 772 953 791 Nun
960 772 1080 791 reddendam
1088 772 1131 791 enim
1152 780 1154 790 s

265 792 361 830 ξξιιῗζυῖἳὲ]
372 806 438 825 statim
452 805 547 825 suadebat
561 806 661 825 'umninens
675 806 780 830 perieulum
792 806 908 825 amittendae
918 806 1026 826 Cathedrae
1036 809 1055 825 et
1065 808 1132 826 nostro-

283 837 342 873 ‘'⁰1¹2‘ae
372 846 415 859 rum
429 840 454 859 ab
468 846 492 859 ea
505 840 655 864 reficiendorum,
670 843 711 859 tuni
725 841 750 860 ob
765 841 903 860 proconsulum
915 841 998 860 mediam
1009 841 1048 860 sere
1065 843 1132 865 partem

302 878 321 894 2·
372 876 427 895 nobis
441 876 503 895 minus
518 876 636 900 affectorum,
650 878 692 895 tuin
706 876 731 895 oh
748 876 876 900 praesentiam
895 876 952 895 Ducis
966 875 1040 900 Georgii
1054 876 1131 895 Zbaras-

371 911 438 934 censis,
446 911 501 930 nobis
515 911 564 930 sieut
579 911 597 929 in
612 911 654 929 aliis
668 911 695 929 ita
709 913 728 930 et
742 911 760 929 in
775 911 811 930 hoc
825 911 903 934 negocio
913 910 1038 930 infensissimi.
1053 910 1132 929 Putaba«

371 948 402 964 tur
416 946 466 965 enim
481 946 556 969 cognita
570 946 696 969 resignatione
710 944 762 964 sacta
779 951 856 964 omnem
875 945 957 969 lapidem
972 947 1060 964 moturus
1078 944 1132 970 (quod

264 976 360 1015 AE'fisgssffi
370 982 438 1005 postea
452 980 521 1005 evenit)
535 980 561 999 ad
575 982 652 999 nostros
666 980 691 999 ab
705 986 728 999 eo
742 985 821 999 munere
830 979 953 999 amovendos.
968 980 995 998 Ex
1004 979 1066 998 altera
1074 982 1133 998 tamen

271 1020 315 1036 aliu
327 1025 352 1036 η.
370 1017 425 1039 pax-te
440 1020 477 1034 non
491 1014 592 1034 videbatur
607 1015 654 1034 haec
668 1015 770 1038 resignatio
784 1014 890 1034 detinenda.
905 1014 983 1038 Aliquot
999 1014 1049 1033 enim
1071 1014 1133 1033 diebus

282 1042 339 1079 ἑξὲῗῗ
370 1052 475 1074 antequam
488 1050 548 1068 missa
562 1049 633 1073 fuisset,
641 1055 678 1068 non
693 1050 761 1073 exigua
774 1052 842 1069 eontra
856 1055 891 1069 nos
907 1055 919 1068 a
928 1049 1044 1073 quibusdam
1055 1049 1133 1068 Procon-

301 1084 319 1100 1·
371 1085 444 1104 sulibus
458 1087 501 1103 orta
514 1086 556 1103 erat
570 1084 674 1109 disputatio
687 1090 748 1108 eaque
762 1084 869 1108 vehemens,
883 1084 916 1108 qui
929 1084 1040 1103 dilationem
1052 1089 1086 1108 per
1095 1086 1132 1102 tan-

264 1110 360 1148 13:⁰5³&ss
371 1121 412 1138 tum
426 1121 502 1143 tempus
516 1119 534 1138 in
549 1119 652 1143 pessimam
666 1121 741 1143 partem
757 1119 880 1143 explicabant
897 1121 916 1138 et
930 1124 965 1137 nos
979 1118 1028 1138 dolis
1042 1124 1098 1142 agere
1111 1123 1132 1137 aa

264 1158 303 1170 mm
313 1155 354 1178 resj-
371 1154 401 1173 ius
414 1153 507 1177 deligendi
521 1153 667 1173 Concionatoris
681 1153 775 1173 eiusmodi
794 1153 997 1178 procrastinationibus
1015 1153 1063 1172 velle
1083 1158 1133 1172 usui-⁶

270 1176 354 1213 {ffieznff
371 1194 417 1213 pare
431 1189 548 1208 asserebant.
569 1188 592 1207 Et
606 1189 649 1207 licet
663 1188 747 1207 nonnulli
762 1188 873 1208 dilationem
890 1188 1021 1212 resignationis
1036 1188 1089 1207 iussu
1103 1187 1132 1207 Se-

277 1218 344 1239 pumm-
370 1224 462 1243 renissimi
477 1223 516 1243 [ieri
530 1223 590 1248 (quod
604 1223 640 1242 illis
654 1226 719 1242 autem
734 1223 813 1247 ipsemet
829 1223 847 1242 P.
858 1223 969 1242 Valentinus
980 1223 1078 1242 Fabricius
1088 1223 1131 1242 Var-

369 1259 423 1278 savia
441 1258 555 1278 Cracoviam
576 1258 653 1277 veniens
671 1264 737 1277 coram
755 1258 873 1283 ostenderat)
891 1258 1001 1281 crederent,
1020 1258 1051 1276 alii
1070 1260 1131 1276 tamen

369 1293 398 1313 vel
412 1299 449 1312 non
464 1293 568 1312 credebant
582 1293 610 1312 vel
625 1292 696 1316 Regem
710 1293 734 1311 ad
745 1293 837 1312 eiusmodi
848 1293 951 1311 iussionem
960 1293 1030 1311 nostris
1040 1292 1132 1311 instantiis

298 1331 318 1347 2·
369 1328 489 1347 descendisse
502 1328 656 1352 suspicabantur.
670 1328 719 1350 Quia
734 1330 832 1351 praeterea
843 1327 880 1346 sub
893 1328 930 1346 hoe
940 1329 1015 1351 temnus
1032 1327 1132 1350 resignatio

369 1363 467 1387 praedicta
481 1363 541 1381 missa
554 1364 600 1386 erat,
615 1368 653 1386 quo
668 1362 756 1381 Consulis
770 1362 846 1381 olicium
860 1362 938 1381 intimus
952 1364 1016 1381 noster
1030 1362 1104 1380 amicus
1116 1365 1135 1381 ot

368 1398 481 1417 Benesactor
495 1398 522 1416 Dr
535 1397 659 1416 Abraliamus
673 1396 788 1421 Ronenberg
802 1397 884 1421 gerebat,
898 1397 935 1416 sub
949 1397 989 1415 eius
1001 1397 1065 1420 potius
1084 1396 1133 1416 Con-

368 1433 431 1452 sulatu
446 1439 506 1457 quam
519 1433 555 1452 sub
569 1433 648 1452 alterius
662 1433 742 1452 alicuius
751 1432 838 1451 iacienda
845 1432 946 1451 videbatur
955 1437 979 1450 ac
988 1434 1090 1456 propterea
1098 1437 1135 1451 non

369 1468 478 1491 differenda,
492 1468 576 1487 maxime
590 1473 634 1487 cum
648 1473 717 1487 novem
732 1470 807 1486 tantum
821 1467 861 1486 dies
880 1467 920 1486 eius
939 1466 1052 1486 Consulatui
1069 1472 1137 1491 super-

299 1507 318 1523 a·
369 1505 437 1522 esseut.
451 1503 534 1528 Tempus
553 1503 611 1522 etiam
631 1503 798 1527 Quadragesimae,
819 1508 857 1526 quo
878 1501 1001 1521 concionibus
1020 1501 1138 1525 quotidianis

369 1544 448 1564 operam
462 1540 549 1558 nostram
562 1538 635 1558 civibus
650 1538 786 1563 probabamus,
799 1538 889 1557 idoneum
904 1537 1004 1556 videbatur
1018 1536 1044 1556 ad
1059 1537 1140 1557 trahen-
