1298 1775
365 186 391 200 xil

365 245 493 269 Korczewski,
507 244 532 264 ad
546 244 565 264 P.
576 244 693 264 Fridericum
707 243 801 264 Szembek
816 243 882 264 suisset
896 243 966 268 delata,
978 243 1137 264 molestissimum

365 283 384 302 id
394 285 437 302 erat
450 285 470 302 et
482 282 613 302 Vico-Rectori
623 284 643 301 et
653 282 672 301 P.
686 282 808 306 Provinciali,
822 282 853 306 qui
868 282 1031 306 expostulatorias
1044 287 1069 301 ea
1083 281 1107 301 de
1118 287 1138 301 re

365 320 439 339 litteras
453 320 478 339 ad
492 320 511 339 P.
525 319 620 339 Sz'embek
634 319 718 339 dederat
732 319 769 339 Iste
783 320 842 339 etiam
855 319 925 339 modus
944 319 963 338 P.
981 319 1054 338 Nicolai
1069 319 1138 338 lanci-

365 358 396 382 cii,
415 358 447 381 qui
466 357 566 377 discedens
583 363 608 377 ex
627 357 726 376 Provincia
745 359 820 377 secreta
841 363 885 376 cum
906 357 964 376 certis
987 357 1070 376 subditis
1090 357 1137 375 talia

364 396 495 419 constituerat,
513 395 579 419 qualia
596 395 655 414 etiam
674 395 710 419 ipsi
729 394 843 414 Provinciali
862 400 900 414 non
922 396 986 414 essent
1007 396 1058 418 nota⁷
1080 394 1138 413 valde

365 433 399 451 toti
414 432 525 452 Provinciae
543 432 671 457 displicuerat.
699 432 753 452 Unde
771 434 791 451 et
809 432 827 451 in
847 432 997 456 Congregatione
1016 432 1138 456 Provinciali,

364 476 413 494 quae
427 470 464 489 hoc
478 476 529 489 anno
544 469 673 494 peragebatur
686 469 827 495 (Jasoslaviaic),
841 470 923 494 plurima
937 472 1005 489 contra
1024 475 1069 489 eum
1085 469 1138 489 dicta

363 510 433 527 erant«
449 507 475 533 (p.
490 507 543 532 292).

427 545 531 569 Negociuin
547 547 612 564 tamen
627 545 670 569 hoc,
684 550 728 564 cum
742 547 797 564 tanta
816 545 926 569 pertinacia,
940 545 1003 564 insciis
1018 545 1060 564 aliis
1076 545 1138 564 Patri-

364 583 400 602 hus
414 585 434 602 et
447 583 581 607 Superioribus
597 582 703 607 Societatis,
718 588 751 607 per
765 582 785 601 P.
798 582 900 602 Nicolaum
914 582 1023 602 Lancicium
1038 582 1064 601 ad
1081 582 1138 601 linem

366 620 485 644 perductum,
498 620 517 639 in
532 620 604 639 malum
618 619 707 639 Societati
722 620 782 643 vemt,
800 620 856 644 »quia
871 622 915 644 post
929 625 1009 639 causam
1028 620 1137 643 obtentam,

366 657 408 677 Rex
418 657 535 682 (vladislaus
548 657 580 682 lv)
594 659 613 676 et
627 657 744 681 Respublica
757 658 809 682 apud
824 658 934 677 Pontii-icem
948 658 1058 677 obtinuerat
1072 657 1101 682 (ut
1118 658 1136 676 in

367 701 417 714 anno
432 694 484 713 1633
498 694 613 719 videbimus)
627 695 723 713 silentium
742 695 852 719 impositum
870 695 941 714 nostris
959 695 1040 719 publicis
1060 695 1137 714 scholis

366 733 415 752 Tam
429 732 534 751 multorum
548 734 567 751 et
581 732 715 751 diuturnorum
729 732 817 751 laborum
831 738 868 752 non
888 733 960 752 bonum
978 738 1091 752 successum
1111 733 1136 751 vi-

367 770 448 790 debatur
462 770 582 794 displicentia
596 770 651 789 Adm.
666 770 708 789 Rdi.
723 770 742 789 P.
757 769 856 789 Generalis
875 770 1015 794 praetenderes
1037 770 1063 795 (p.
1087 770 1135 795 197).

431 807 454 826 Et
467 813 519 831 sane,
533 812 572 826 non
585 807 683 826 mediocra
697 807 769 827 damna
787 813 811 827 ex
830 808 867 827 hac
884 808 1005 827 contentione
1023 813 1069 827 cum
1087 808 1135 827 Aca-

369 845 432 864 demia
447 844 568 864 Cracoviensi
583 845 625 863 tulit
639 844 731 869 Societas
744 851 789 864 nam
809 850 870 869 neque
889 845 993 864 Cracoviae
1012 845 1132 864 Academiam

367 888 423 902 suam
437 883 509 902 habere
519 883 586 907 potuit,
600 888 661 907 neque
671 888 720 906 eam,
734 888 793 907 quam
807 882 914 901 Posnaniac
926 882 1041 906 neglexerat,
1055 883 1131 902 resusci-

368 923 415 940 tare.
429 920 499 939 Statim
512 921 563 939 enim
577 920 682 939 Academia
697 920 830 939 Cracoviensis
843 920 972 944 subpeditavit
982 920 1130 939 Lubranseianae

367 958 483 977 Academiae
498 958 630 981 Posnaniensi,
644 960 738 982 tanquam
751 957 838 977 coloniae
852 960 910 982 atque
925 958 974 977 filiae
991 963 1043 982 suae,
1063 957 1130 982 proies-

367 1001 426 1019 soreS,
440 1001 478 1019 quo
493 995 565 1014 factum
579 997 613 1019 est,
627 997 649 1014 ut
659 995 803 1014 Lubransciana
813 995 879 1014 schola
889 1001 913 1015 ex
924 996 961 1015 hoc
970 997 1057 1020 tempore
1069 995 1136 1014 floren}

369 1033 462 1058 coepisset
484 1035 503 1052 et
525 1033 614 1057 quamvis
632 1032 719 1052 Societas
737 1032 783 1051 bina
801 1033 905 1057 accepisset
924 1033 1021 1057 privilegia
1040 1032 1143 1057 aperiendi

369 1070 494 1090 Academiam
508 1070 615 1090 Posnaniae
629 1069 689 1095 (1650
704 1075 716 1088 a
730 1075 773 1094 rege
787 1070 861 1089 Joanne
875 1070 969 1090 Casimiro
981 1072 1000 1089 et
1011 1070 1062 1089 1678
1072 1076 1084 1089 a
1094 1074 1146 1093 rege

368 1108 442 1127 joanne
456 1107 556 1132 Sobieski),
571 1109 635 1126 tamen
650 1109 732 1131 utraque
746 1107 787 1126 vice
802 1113 855 1131 reges
869 1108 929 1126 nostri
943 1108 1005 1127 coacti
1025 1110 1081 1127 erant
1099 1107 1150 1132 pri-

370 1145 438 1169 vilegia
451 1151 487 1164 sua
505 1145 603 1164 retrahere
623 1145 714 1169 irritaque
732 1144 835 1164 declarare.
863 1144 963 1164 Remansit
981 1147 1046 1164 tamen
1064 1145 1154 1164 malunt·-

370 1183 475 1207 pessimum
493 1185 551 1207 atque
570 1183 762 1207 perniciosissimum:
781 1182 852 1206 odium,
871 1183 925 1201 cuius
944 1188 1003 1207 supra
1021 1183 1151 1202 mentionem

370 1220 454 1244 fecimus,
468 1220 520 1245 quod
534 1226 569 1245 per
582 1220 704 1239 adversarios
718 1220 809 1239 Societati
823 1222 914 1244 paratum
928 1222 975 1239 crat.

434 1258 479 1277 Post
494 1258 571 1277 tertium
586 1257 699 1276 fasciculum
714 1257 851 1276 Wiclcwiciani
865 1257 924 1276 Diarii
943 1258 1022 1282 editum,
1036 1263 1091 1277 mora
1103 1257 1157 1276 (iea

369 1301 412 1315 cem
426 1301 520 1315 annorum
539 1295 650 1319 intercessit,
664 1301 713 1319 quae
728 1295 785 1314 variis
799 1295 910 1314 excusanda
928 1297 958 1314 est
971 1295 1040 1314 causis.
1062 1295 1157 1314 Gravis‘

370 1334 439 1352 simam
453 1335 500 1357 puta
514 1338 563 1356 eain,
577 1332 628 1356 quod
643 1333 679 1351 lwc
699 1334 784 1356 tempore
801 1332 841 1352 fere
859 1334 900 1351 toto
918 1332 1042 1356 Reipublicae
1061 1328 1156 1351 distentj

370 1377 448 1390 eramus
462 1371 518 1394 curis,
533 1371 551 1389 in
569 1371 651 1390 comitiis
670 1370 744 1394 imperii
763 1370 859 1389 Austriaci
878 1370 1003 1389 vindobonae
1022 1371 1081 1389 nuntii
1100 1372 1157 1388 ter‘

371 1409 437 1428 restris
450 1408 513 1428 officio
527 1407 631 1432 fungentes.

435 1445 518 1465 Iudicem
532 1446 588 1464 huius
603 1445 688 1464 fasciculi
701 1445 785 1464 «Ioannes
799 1445 884 1464 Marszal
904 1445 991 1469 confecit,
1005 1446 1069 1465 socius
1082 1442 1157 1464 semi‘

372 1483 420 1502 narii
433 1484 524 1502 historiae
537 1483 683 1507 ecclesiastieae,
697 1483 749 1507 quod
762 1488 794 1502 me
808 1482 905 1507 dirigente,
918 1483 937 1501 in
959 1484 1025 1502 nostra
1044 1479 1157 1502 Univeisi‘

372 1523 412 1541 tate
425 1521 541 1545 sagellonica
556 1526 580 1540 ss.
595 1520 701 1545 theologiae
715 1520 805 1540 studiosis
820 1520 844 1539 ad
859 1521 950 1540 exercitia
968 1520 1059 1540 historica
1072 1519 1156 1539 Μία-ι’
