1298 1775
375 187 400 206 10
702 184 761 202 Annus
773 186 818 202 1620,

273 252 312 275 ³1¹1?
323 255 357 275 μου
374 252 423 271 torio
437 257 493 270 suam
507 257 586 276 operam
599 251 674 276 publice
688 251 783 275 obtulisse,
798 253 839 270 tum
853 252 898 275 quia
912 251 1005 271 eiusmodi
1021 251 1136 276 procuratio-
1150 266 1151 269 ,

265 272 362 315 Νἰξῖἲῑῗῶ
375 292 414 310 nes,
428 292 448 305 rc
462 292 500 305 non
514 286 597 310 obtenta,
612 287 630 305 in
639 287 702 305 maius
712 288 822 305 nostrorum
831 286 915 305 dedecus
924 286 1071 306 redundassent.
1081 286 1137 305 Finita

276 320 350 337 miemio—
374 321 465 341 clectione
474 321 544 340 mirum
554 323 587 345 cst,
597 323 681 345 quantus
688 323 753 340 motus
767 321 875 340 aminorum
889 321 908 340 in
922 321 945 340 iis
959 321 1016 340 fuerit
1025 327 1060 345 per
1069 321 1136 340 inultm

266 347 363 379 {fffeffiffffi
375 356 420 380 dies,
434 356 466 380 qui
481 358 557 375 nostros
571 356 641 375 electos
655 356 762 380 cupiebant,
770 358 789 375 et
803 358 887 380 quantus
901 356 964 380 pudor
977 361 1050 379 eorum,
1063 356 1096 380 qui
1105 361 1136 375 sua

280 385 352 401 tulerint.
375 391 461 410 absentia
473 393 550 410 nostrae
564 391 670 410 reiectionis
684 396 764 410 causam
778 391 876 410 dederunt„
886 391 932 410 Illud
943 393 1007 410 tamen
1017 391 1092 411 bonum
1098 391 1137 410 hinc

375 425 487 449 derivatum,
501 425 553 450 quod
567 426 601 444 tali
613 426 672 445 modo
686 426 801 450 procedendi
814 426 923 450 plenissime
937 432 972 445 nos
986 426 1019 445 illa
1033 426 1136 451 suspicione

375 461 524 485 purgaverimus,
538 466 577 484 qua
590 466 626 479 nos
639 460 728 480 malevoli
743 460 875 484 traducebant,
889 461 945 485 quasi
959 460 1060 480 fraudibus
1070 461 1100 480 ius
1109 460 1136 479 de-
1150 453 1151 459 ¹

270 492 361 529 vana-‘viae
375 495 442 519 ligendi
457 496 596 515 concionatoris
610 495 656 514 Bm*
668 495 748 519 Virginis
764 495 820 514 nobis
837 495 928 514 vellemus
946 501 1042 519 arrogare.
1070 495 1136 514 Eadem

267 534 291 559 ρει
300 534 361 559 νιιεηῖ
374 530 441 549 electio
456 532 558 554 postquam
573 530 712 554 percrebuisset
726 530 835 554 Vas-saviae,
849 532 868 549 et
875 530 921 554 Regi
931 530 1056 550 Serenissimo
1063 532 1083 549 et
1092 530 1135 549 mul-

266 556 361 598 ussgrffussu
375 565 399 584 tis
413 565 472 589 Regni
486 564 599 584 Proceribus
617 565 672 584 nobis
691 564 799 584 faventibus
817 565 892 589 ingrata
907 565 946 589 l'uit⁷
965 565 1002 584 hoc
1020 565 1135 590 potissimum

273 599 359 624 denum&
376 600 456 623 nomine,
470 600 522 623 quod
535 600 595 619 nostri
609 600 706 624 repulsam
725 599 804 619 fuissent
818 600 875 624 passi.
892 600 958 624 Itaque
971 600 1056 619 nonnulli
1071 605 1095 619 ex
1108 599 1135 619 Se-

267 622 364 658 ςξζζζῖῗξζῑ.
376 635 480 658 natoribus,
490 635 522 658 qui
536 637 582 653 tunc
599 635 703 654 Varsaviae
717 635 847 659 morabantur,
862 635 881 654 P,
899 635 1021 654 Valentinum
1033 634 1135 654 Fabricium

285 664 348 701 ἓξὲξ·
376 670 448 689 adeunt
461 671 480 688 et
489 669 586 693 quomodo
595 670 741 693 resignationem
751 670 830 694 fecisset,
844 670 951 694 exquirunt.
966 670 995 689 Re
1004 670 1085 693 cognita,
1095 670 1135 693 quia

308 706 325 722 1''
376 710 413 723 non
427 706 469 723 erat
483 704 534 723 sacta
548 704 600 723 dicta
613 705 715 728 resignatio
733 710 800 724 coram
814 705 893 724 Notario
907 704 984 729 publico
998 704 1023 723 ad
1038 706 1087 728 acta,
1105 709 1135 723 nec

375 741 442 763 postea
456 741 544 758 extracta
557 745 581 758 ex
595 740 643 758 actis
658 739 773 759 Cracoviam
787 740 812 759 ad
826 739 952 759 proconsules
969 740 1033 763 missa7
1055 739 1089 758 sed
1107 744 1136 763 per

307 776 325 792 2⁰
375 774 454 793 modum
468 774 582 798 simplicium
596 774 714 796 litterarum;
729 775 774 799 quia.
788 776 887 798 praeterea
902 775 938 793 has
952 774 1025 793 litteras
1041 779 1080 793 non
1096 774 1137 792 iuri-

375 809 437 828 dicam
452 809 598 832 resignationem
612 809 735 833 continentes,
749 809 780 828 ille
794 810 812 828 in
830 809 947 833 praetorium
966 809 1039 833 detulit,
1057 809 1090 833 qui
1103 814 1136 828 non

374 846 416 863 erat
430 843 463 862 P=¹·
482 844 575 863 Valentini
590 844 671 863 Fabricii
685 844 786 868 legittimus
804 844 895 869 superior,
914 849 960 863 nam
977 844 1083 863 Varsaviae
1100 849 1137 862 ma-

307 880 325 896 30
375 884 421 898 nens
436 879 494 897 alium
509 879 576 898 habuit
589 879 719 903 superiorein:
736 879 782 903 quia
796 879 877 903 denique
896 879 980 898 officium
998 878 1134 898 concionatoris

375 914 475 938 personale
488 916 543 938 essct,
558 919 597 933 non
611 914 680 933 domus
694 916 729 933 aut
742 914 896 933 communitatis:
911 914 954 933 ideo
963 913 1087 933 declararunt
1096 913 1138 932 msi-

375 949 483 972 gnationcm
498 948 555 967 fuisse
570 949 643 968 nullam
656 951 676 968 et
689 954 723 973 per
737 954 856 973 consequens
870 954 908 968 non
925 954 1005 967 vacasse
1024 948 1109 967 officium
1120 950 1138 967 et

375 984 490 1008 electionem,
505 984 576 1007 pariter
590 989 628 1002 non
643 985 724 1003 vacante
735 983 797 1003 officio
808 984 886 1002 irritam
896 983 990 1006 Quocirca
999 985 1078 1002 autores
1087 983 1138 1002 erant.

375 1018 394 1037 P.
410 1018 509 1037 Valentino
523 1018 610 1037 Fabricio
625 1024 662 1037 non
677 1019 738 1042 pauci,
753 1020 774 1037 ut
788 1018 829 1037 iure
843 1018 880 1037 hac
894 1018 912 1037 in
926 1023 947 1037 re
961 1017 1073 1042 procederet
1080 1019 1099 1037 et
1107 1018 1139 1036 aut.

375 1053 488 1073 cathedram
501 1053 552 1072 male
566 1053 591 1072 ab
605 1053 666 1072 altero
680 1059 790 1077 possessam
803 1055 901 1077 repeteret,
916 1055 950 1072 aut
964 1053 1002 1072 alio
1018 1052 1077 1072 modo
1096 1052 1137 1071 resi-

269 1084 361 1121 Ῑόᾗᾞῑέἰῖιῗ
375 1088 483 1111 gnationeni
498 1088 573 1107 faceret.
588 1088 626 1107 Res
641 1088 689 1107 haec
702 1094 740 1107 non
754 1088 875 1107 mediocriter
892 1088 911 1107 P.
926 1087 1047 1107 Valentinum
1066 1092 1137 1112 permo-

269 1127 364 1143 tinusvnria
377 1123 402 1141 vit
416 1124 435 1142 et
448 1129 471 1142 eo
485 1123 569 1146 deduxit,
584 1124 604 1141 ut
614 1128 658 1142 cum
668 1123 763 1142 nonnullis
773 1123 921 1142 Proconsulibus
931 1122 1095 1146 Cracoviensibus,
1103 1122 1137 1140 imo

273 1150 358 1190 δέξὲᾞᾶ,
376 1158 433 1177 etiam
448 1163 492 1176 cum
507 1158 548 1181 ipso
562 1157 655 1182 Episcopo
669 1158 751 1177 Martino
765 1157 894 1182 Szyskowski,
904 1162 960 1181 agere
974 1162 1008 1181 por
1020 1157 1094 1176 litteras
1103 1161 1137 1175 nou

280 1191 313 1215 rios
324 1196 354 1211 ΡΘΙ·
376 1193 479 1216 dubitarim
493 1198 543 1216 quas
557 1192 633 1216 quidem
648 1192 721 1212 litteras
735 1192 850 1212 Cracoviam
864 1198 901 1211 non
916 1192 1027 1216 obsignatas
1046 1192 1098 1216 prius
1115 1190 1137 1210 ad

274 1213 360 1255 εὲιὲηῑζὲὶῖο
375 1227 496 1251 Superiorem
510 1227 579 1247 domus
593 1228 611 1246 S.
626 1227 724 1246 Barbarae
737 1227 821 1250 miserat,
840 1229 861 1246 ut
875 1232 908 1246 eas
922 1227 992 1250 legeret
1005 1228 1024 1245 et
1039 1228 1110 1251 postea,
1123 1225 1136 1255 si

283 1262 350 1277 emmu-
375 1262 475 1285 videretur,
490 1262 604 1286 obsignaret,
618 1262 766 1286 obsignatasque
779 1262 802 1281 iis
817 1262 910 1285 redderet,
925 1262 950 1280 ad
959 1267 1008 1285 quos
1020 1261 1137 1285 spectabant-

375 1297 436 1316 Lectis.
450 1297 516 1316 litteris
530 1297 620 1321 Superior
634 1297 686 1316 nullo
700 1297 758 1316 modo
772 1302 806 1316 cas
820 1296 928 1316 reddendas
943 1296 1022 1320 putavit.
1039 1296 1090 1315 Nam
1105 1295 1136 1315 etsi

375 1332 476 1356 resignatio
490 1332 568 1351 iuridice
582 1331 634 1351 facta
647 1337 685 1351 non
700 1331 773 1356 fuisset,
791 1332 836 1356 quia
853 1333 918 1350 tamen
934 1337 947 1350 a
961 1331 1109 1350 proconsulibus
1121 1330 1138 1348 in

308 1367 325 1383 2⁰
376 1367 472 1386 Praetorio
487 1369 579 1391 tanquam
593 1367 683 1390 legittima
698 1369 799 1391 acceptata
813 1366 859 1390 suit;
873 1368 893 1385 et
906 1366 952 1390 quia
964 1365 1097 1385 demonstrare
1109 1370 1139 1384 ac-

375 1402 502 1426 ceptationem
516 1401 574 1420 suissc
588 1401 709 1425 illegitimam,
720 1402 738 1420 in
752 1407 843 1425 magnum
857 1401 941 1420 dedecus
954 1403 996 1420 tum
1005 1403 1093 1420 nostrum
1100 1401 1139 1419 tum

375 1437 514 1456 Proconsulum
528 1437 607 1461 cederet,
622 1437 692 1461 quique
706 1437 765 1456 talem
782 1438 848 1456 notam
862 1436 897 1455 sibi
916 1436 1013 1460 imponere
1032 1441 1069 1455 non
1089 1437 1139 1459 pate-

308 1474 326 1490 50
375 1474 452 1495 rentur;
466 1472 512 1496 quia
525 1471 550 1490 ad
564 1473 672 1491 extremum
685 1473 704 1491 et
718 1477 763 1491 cum
777 1471 829 1490 Duce
843 1471 952 1494 Zbarascio,
967 1471 1066 1495 potissimo
1085 1470 1139 1489 huius

375 1507 446 1530 negocii
461 1508 528 1525 contra
542 1512 577 1526 nos
591 1508 706 1531 promotore,
720 1508 739 1525 et
753 1512 797 1525 curn
811 1506 901 1525 Patribus
911 1506 1040 1525 Dominicanis
1052 1511 1076 1524 ac
1085 1504 1140 1524 variis

375 1541 417 1561 aliis
430 1542 561 1561 contentiones
575 1542 668 1561 ineundae
682 1541 762 1561 fuissent
771 1543 790 1560 et
799 1547 843 1566 spes
852 1541 885 1560 vix
894 1541 964 1565 aliqua,
973 1543 1055 1560 conatus
1065 1542 1139 1560 nostros
