1298 1775
357 181 390 194 vm

359 240 485 259 hansitatione
499 245 575 264 semper
589 240 687 264 expressit.
702 239 762 259 Immo
777 240 834 259 etiam
849 239 872 259 de
886 240 964 264 singulis
975 239 1077 259 Societatis
1092 239 1128 258 Pn-

360 278 421 296 tribus
433 278 547 297 sententiam
562 283 618 297 suam
632 278 713 297 notabat
730 278 787 297 libere
808 279 866 302 atque
887 280 957 302 aperte,
975 278 1129 302 quotiescunque

357 321 425 334 eorum
439 315 572 338 inobedientia,
586 315 693 339 loquacitas
707 315 736 334 vel
751 316 815 334 minus
834 317 903 334 cautus
921 315 1037 339 procedendi
1055 314 1128 334 modus
1155 334 1156 337 ,

358 352 502 377 perstringenda
516 355 571 372 erant.
590 353 694 377 Propterea
708 353 785 377 saepius
800 353 921 372 inveniuntur
935 353 954 371 in
973 354 1039 371 nostro
1057 357 1129 371 manu-
1155 341 1156 347 ἵ

358 391 430 415 scripto
444 390 561 414 singulorum
575 391 653 409 nomina
667 392 687 409 et
700 391 834 415 expressiones
856 390 912 409 nimis
934 390 1020 414 acerbae,
1039 390 1128 414 superin-

357 428 415 447 ducto
434 430 543 447 atramento
561 428 639 447 deletae.
657 428 710 451 Quas
723 428 851 447 correctiones
865 428 885 447 P.
900 428 1023 447 Provincialis
1038 427 1129 447 Gutteter

358 465 504 489 Dobrodziejski
519 465 585 484 fecisse
601 465 679 489 videtur,
694 468 796 490 postquam
811 465 928 484 Wielewicki
943 465 1056 484 decessisset
1070 464 1084 484 ‘e
1099 465 1128 484 vi-

360 503 393 521 vis.
407 502 443 522 Sed
459 508 504 522 cum
518 503 535 521 in
554 503 620 527 indice,
634 508 691 527 quem
710 505 778 522 auctor
796 502 878 522 confecit
896 505 915 522 et
933 503 1076 527 manusnrcipto
1090 508 1128 522 suo

358 540 472 565 anteposuit,
487 541 564 559 nomina
578 541 643 559 omnia
657 541 784 559 remanserint
797 541 876 564 intacta,
894 540 932 559 fere
947 546 1022 565 semper
1036 546 1059 559 ea
1074 540 1128 559 licuit

359 578 458 597 restituere
472 580 492 597 et
506 578 555 603 typis
569 578 668 597 mandare.

422 615 451 634 Ad
466 616 565 634 historiam
580 621 656 640 quoque
670 616 783 634 litterariam
795 615 889 638 l'oloniae,
900 616 1011 639 praesertim
1022 616 1129 634 asceticam

358 656 375 672 et
392 653 511 677 polemicam,
524 653 586 671 multa
604 653 658 672 ass‘ert
673 653 758 672 Diarium
772 655 859 672 nostrum
876 653 923 672 scitu
939 644 999 677 iligna,
1014 653 1129 677 praesertim

359 696 403 710 cum
413 690 477 714 libros,
486 691 519 714 qui
533 693 579 709 tunc
593 691 683 714 temporis
697 691 716 709 in
731 690 792 710 lueem
802 691 908 715 prodibant,
923 693 964 709 tam
979 691 1057 715 polonos
1067 696 1129 714 quam

359 728 433 751 latinos,
447 733 492 747 cum
506 729 546 747 suis
559 730 658 747 enumeret
672 728 731 747 titulis
744 728 889 752 scriptoresque,
904 729 935 752 qni
946 728 975 747 vel
985 734 1054 747 nomen
1069 734 1129 747 suurn

360 766 482 789 reticuerant,
501 766 530 784 vel
545 765 627 784 alienum
644 765 680 784 sibi
700 767 845 790 usurpaverant,
864 766 988 790 saepissimae
1003 765 1085 785 latentes
1100 766 1129 785 in-

360 803 423 827 quirat
436 805 456 822 et
469 802 583 822 manifestet.

424 840 487 860 Facile
506 842 563 864 patet„
582 841 648 864 quanti
666 841 691 859 sit.
709 841 800 860 momenti
818 841 903 860 Diarium
922 841 1087 860 Wielcwicianum
1101 841 1127 860 ad

360 878 513 902 cognoscendam
527 878 640 902 religionem,
655 879 745 902 pietatem
760 884 860 902 moresque
874 879 914 897 sive
928 878 1020 897 latmi-um
1030 879 1070 898 sive
1081 878 1128 898 cleri

359 915 571 940 ecclesiasticorumque
585 916 680 939 ordinum,
693 916 725 940 qui
740 915 845 935 Craooviae
855 918 901 935 tunc
911 917 1002 940 temporis
1012 916 1128 935 existebant.

360 953 475 977 Saepissime
493 954 543 972 enim
563 959 629 972 corum
648 954 719 972 mentio
737 954 825 977 occurrit,
844 954 956 978 praesertim
971 959 1014 972 euin
1029 954 1125 977 quaedam

360 990 497 1009 aemulationes
511 993 530 1009 et
544 991 674 1010 contentiones
694 991 732 1010 fere
751 996 827 1015 semper
846 992 894 1010 inter
913 991 989 1010 ordines
1007 990 1050 1010 illos
1068 993 1125 1015 atque

360 1028 480 1052 Societatem,
494 1028 524 1047 vcl
538 1028 597 1047 etiam
611 1028 670 1047 laicos
685 1028 827 1047 intercederent.

423 1066 528 1084 Maximam
549 1067 613 1085 tamon
634 1066 698 1090 quarti
720 1066 805 1085 fasciculi
826 1068 901 1090 partem
919 1068 1016 1090 occupant
1034 1066 1088 1085 rixae
1104 1072 1124 1085 ac

358 1104 488 1122 contentiones
503 1104 552 1122 inter
566 1103 714 1123 Universitatem
728 1103 785 1122 studii
801 1103 933 1123 Cracoviensis
953 1106 972 1123 et
990 1104 1079 1127 Jesussas,
1094 1104 1126 1128 qui

360 1141 419 1160 invita
439 1141 544 1160 Academia
564 1141 641 1160 scholas
661 1141 749 1165 publicas
770 1141 893 1165 studiumque
914 1141 1001 1165 generale
1023 1142 1040 1160 in
1058 1141 1129 1161 eadem

359 1178 406 1197 urhe
421 1178 518 1197 instituere
532 1178 657 1197 conabantur.
672 1178 726 1198 Unde
740 1179 863 1202 gravissimae
878 1178 946 1198 turbae
960 1180 1017 1202 atque
1032 1179 1132 1198 tumultus

360 1216 410 1240 iique
424 1216 531 1239 sanguinosi
552 1216 668 1239 oriebantur,
686 1217 770 1235 maxime
785 1218 887 1240 postquam
902 1216 969 1235 Patres
987 1216 1090 1235 Societatis
1109 1217 1133 1235 in

361 1253 444 1277 Collegio
458 1253 482 1272 ad
497 1253 516 1272 S.
530 1253 608 1272 Petrum
622 1254 698 1272 scholas
713 1259 747 1278 pro
761 1253 844 1273 externis
861 1254 987 1272 instituerunt.
1010 1253 1060 1272 Nam
1075 1254 1136 1273 iuve—

360 1296 394 1310 nes
409 1291 450 1310 illas
470 1291 613 1315 frequentantes
634 1291 719 1315 plurimis
733 1292 888 1315 gravissimisque
902 1290 1035 1310 afficiebantur
1054 1291 1134 1310 iniuriis

362 1334 374 1347 a
384 1328 474 1347 studiosis
488 1328 609 1352 Academiae,
624 1329 649 1347 ita
666 1331 686 1347 ut
695 1328 812 1353 praesidium
829 1329 846 1347 in
861 1334 905 1347 arce
919 1328 1034 1347 collocatum
1049 1329 1134 1355 saepius

360 1366 384 1384 ad
399 1365 495 1385 sedandas
509 1366 561 1384 rixas
572 1367 609 1384 vim
623 1368 642 1385 et
652 1372 707 1385 arma
716 1368 815 1390 cogeretur
825 1365 922 1385 adhibere.
936 1366 985 1385 (lum
995 1368 1059 1384 tamen
1070 1367 1134 1385 seho-

360 1404 406 1422 laris
419 1404 499 1427 quisque
513 1405 559 1422 tune
574 1404 665 1428 temporis
680 1409 736 1422 suum
750 1405 836 1428 portaret
850 1403 940 1427 gladium,
953 1403 1006 1422 haud
1023 1403 1079 1422 facile
1095 1410 1135 1428 ptr

359 1443 422 1460 terant
436 1441 506 1460 milites
525 1441 613 1465 praesidii
627 1441 663 1460 snb
678 1441 757 1465 imperio
772 1440 870 1465 Capitanei
885 1440 1018 1459 Cracoviensis
1038 1441 1133 1465 petulan—

359 1479 407 1498 tiam
422 1479 524 1498 iuventutis
538 1479 627 1498 cohihere
641 1478 753 1503 acciditque,
767 1480 789 1497 ut
802 1478 833 1497 dic
848 1477 872 1497 13
886 1478 934 1501 junii
955 1478 1006 1497 1625
1026 1478 1134 1498 Bartholo⁴

360 1522 428 1536 maeus
442 1516 558 1541 Przepiorka
571 1515 704 1541 (l’taszynski),
718 1516 750 1540 qui
765 1515 833 1535 studiis
847 1516 865 1534 in
881 1515 985 1535 Academia
1004 1515 1132 1535 Craeoviensi
