1298 1775
356 187 368 200 Χ

357 247 394 266 rire
408 246 493 266 studium
507 246 594 270 generale
604 246 710 265 Posnaniae
724 246 743 265 in
757 245 837 266 aedibus
847 252 859 265 a
869 245 954 271 palatino
964 246 1074 266 Calissiensi
1091 245 1129 266 Po-

357 284 422 303 tulicki
437 284 565 308 comparatis,
583 284 673 308 episcopo
691 283 815 303 Posnaniensi
829 286 848 303 et
862 284 904 303 aliis
918 284 1029 308 proceribus
1047 284 1129 303 Maioris

357 321 447 341 Poloniae
461 321 622 340 desiderantibus:
639 323 672 340 »ut
685 321 734 340 sicut
748 321 808 340 Minor
822 321 906 345 Paionia,
921 321 948 340 ita
961 323 981 340 et
994 321 1055 340 Maior
1069 327 1128 340 suam

357 359 429 378 habeat
442 358 579 378 Academiam«
595 369 621 372 -
635 361 684 378 teste
698 358 821 378 Wielewicki.
840 359 895 382 Quod
908 359 1005 383 inceptum
1020 364 1054 378 rex
1068 358 1129 383 Sigis-

357 396 441 415 mundus
455 402 472 415 a.
487 395 539 415 16¹4
554 396 650 420 privilegio
660 396 780 415 confirmavit
794 402 835 415 suo.
848 396 886 415 Sed
901 396 944 415 inde
958 396 983 415 ab
993 396 1029 415 hoc
1039 398 1128 421 tempore

357 434 443 453 animum
457 434 539 452 mutavit
550 434 636 453 Societas
651 435 669 453 et
679 433 794 453 Cracoviam
805 433 913 453 Posnaniae
927 433 1074 458 praeferendam
1087 434 1128 453 exi-

358 471 447 490 stimavit.
468 471 518 490 Cum
532 473 597 490 autem
611 471 729 490 Wielewicki
748 476 771 490 ex
786 471 853 490 Maiori
872 471 951 490 Polouia
968 471 1071 495 oriundus,
1090 471 1129 490 Po-

357 509 436 528 snaniae
449 510 469 528 et
487 508 579 533 puerilem
593 510 612 527 et
625 508 727 527 iuvenilem
741 509 834 532 exegisset
848 510 942 532 aetatem,
960 509 1019 528 etiam
1038 508 1129 528 Rectoris

357 546 434 570 Collegii
448 546 583 565 Posnauieusis
596 551 675 565 munere
690 545 767 565 functus
780 548 837 570 esset,
850 546 899 565 benc
913 548 1035 570 perspectum
1053 546 1128 565 habere

358 583 424 608 potuit,
438 583 457 602 in
471 583 509 602 hac
523 583 570 602 urbe
584 583 637 602 nulla
651 582 690 602 sere
704 583 805 602 obstacula
819 583 935 602 Academiae
950 583 1050 607 erigendae
1063 589 1128 608 neque

357 621 506 640 aemulationem
525 620 641 640 Academiae
655 620 788 640 Craooviensis
802 626 917 645 magnopere
931 621 1037 640 timendam
1052 620 1094 640 sore
1108 622 1127 640 in

357 658 433 682 regione
447 658 541 682 longique„
560 658 683 682 Quamquam
701 658 752 677 enim
770 658 876 677 Academia
895 657 1027 677 Cracoviensis
1046 659 1127 682 antiquo

357 695 453 719 gaudebat
467 695 568 720 privilegio,
582 695 635 719 quod
649 695 768 714 exclusivum
782 695 819 714 dici
833 698 905 720 potest,
925 698 947 715 ut
965 695 1037 715 scilicet
1055 696 1127 720 ubique

357 733 377 752 in
398 738 455 757 regno
476 733 566 752 l-'oloniae
587 735 652 757 posset
679 738 725 752 suas
743 733 819 752 scholas
846 733 927 757 erigere,
947 733 1069 752 nihilominus
1096 739 1126 753 res

357 772 399 790 erat
413 770 533 795 difficillima,
547 771 563 789 si
577 773 665 794 ageretur
679 770 703 789 de
717 770 815 795 provincia
833 776 949 794 magnopere
963 776 975 789 a
989 770 1084 790 Cracovia
1098 771 1126 790 di-

356 810 429 832 stante,
448 808 474 827 ita
493 810 514 827 ut
532 808 618 827 Societas
637 807 691 827 facile
706 808 778 827 evitare
797 807 946 827 aemulationem
968 808 1124 832 iuventutemque

357 845 415 865 totius
428 845 506 865 Maioris
519 845 610 864 Poloniae
624 847 643 864 et
657 845 745 864 Prussiac
758 845 835 869 Regalis
849 846 1026 864 numerosissimam
1040 845 1065 864 ad
1080 851 1122 865 suas

356 883 453 902 attrahere
468 883 545 902 scholas
559 884 657 907 potuisset.

420 921 514 940 Nimirum
528 921 546 940 P.
557 920 674 940 Wielewicki
690 926 727 939 non
737 920 868 939 consentiebat
882 926 927 940 cum
941 921 981 944 illis,
996 921 1028 945 qui
1038 921 1121 940 scholam

356 958 452 982 publicam
467 958 604 982 academicam,
618 958 708 977 omnihus
727 957 872 977 difficultatibus
890 958 959 982 spretis
973 960 1032 982 atque
1046 960 1122 983 postpo-

356 996 406 1019 sitis,
420 995 520 1014 instituere
535 996 640 1015 Cracoviae
655 995 780 1014 conabantur.
808 995 864 1018 Quod
882 996 922 1020 ipse
941 998 1007 1020 aperte
1026 995 1123 1019 significat.

356 1033 405 1052 Cum
424 1034 474 1052 enim
494 1033 513 1052 P.
534 1033 628 1052 Szeuibek
643 1038 661 1052 a,
676 1032 727 1051 1628
746 1032 766 1052 Ρ.
785 1032 873 1052 Generali
887 1033 906 1052 S.
919 1033 936 1052 J.
955 1033 1039 1052 rationes
1058 1035 1126 1052 contra

355 1070 431 1090 scholas
446 1070 554 1090 Cracoviae
569 1070 683 1094 aperiendas
697 1070 823 1094 explicuisset7
838 1070 956 1089 Wielewicki
975 1070 1023 1089 haec
1037 1070 1128 1090 animad-

357 1108 419 1127 vertit:
432 1108 532 1132 »itaque
546 1108 569 1126 in
584 1108 630 1126 hae
642 1113 673 1132 re,
687 1113 760 1131 quam
774 1107 1010 1133 ipse(Szembek)cum
1025 1107 1128 1132 aliquot

357 1146 456 1164 nostris
474 1151 528 1164 cum
543 1147 616 1164 tanto
635 1145 737 1164 fervore
751 1147 774 1164 et
792 1151 892 1165 rumore
911 1151 1060 1170 promovere
1079 1150 1128 1165 non

356 1183 490 1206 dubitavit,
505 1182 607 1202 tandem
621 1182 737 1202 advertit
751 1183 846 1202 multas
860 1182 1047 1207 difficultates,
1062 1186 1127 1207 quas

356 1220 451 1239 utinam
465 1220 562 1245 pridem
576 1226 629 1239 cum
643 1220 697 1239 suis
711 1221 823 1239 asseclis
838 1220 1010 1239 advertisset«
1031 1220 1057 1245 (p.
1072 1219 1125 1245 293).

420 1258 526 1277 Maximum
541 1260 605 1277 tamen
619 1258 731 1277 scholarum
740 1258 896 1277 Cracoviensiuiu
906 1260 1037 1282 promotorem
1046 1258 1066 1277 P.
1076 1258 1124 1277 Lan-

355 1295 424 1314 eieium
437 1295 545 1320 (Leczycki)
557 1295 619 1319 fuisse,
634 1295 753 1314 demonstrat
768 1295 864 1319 ipsiusque
876 1296 956 1314 nimium
966 1295 1061 1314 servorem
1071 1296 1123 1315 notat

357 1335 415 1357 atque
429 1333 526 1357 vituperat
541 1332 662 1356 Wielewicki,
677 1333 704 1351 ita
718 1335 739 1351 ut
753 1333 841 1352 acerbior
855 1333 952 1357 expressio
966 1332 1069 1352 cuiusdam
1086 1334 1122 1352 »in-

355 1370 465 1390 ordinatae«
487 1370 569 1390 Lancicii
591 1371 730 1394 compassionis
753 1376 798 1389 cum
816 1373 907 1395 apostata
920 1370 994 1390 Joanne
1014 1371 1088 1395 Bylina,
1106 1371 1122 1389 in

357 1408 488 1432 manuscripto
502 1410 568 1427 nostro
583 1408 620 1427 alio
634 1410 743 1427 atramento
757 1408 820 1427 deleta
834 1408 858 1426 sit
873 1407 901 1433 (μ,
913 1407 963 1432 190).
978 1408 1036 1427 Notat
1049 1412 1122 1432 quoque

355 1445 464 1465 Lancicium
481 1445 608 1464 ›inconsulte‹
625 1450 669 1464 cum
683 1445 779 1464 Stanislao
798 1445 917 1464 Lubonmski
936 1445 960 1464 de
974 1445 1045 1465 scholis
1059 1446 1122 1470 egisse,

355 1483 428 1502 addens
445 1483 560 1502 sententiam
580 1488 648 1502 suam:
669 1483 707 1502 »ita
725 1484 784 1502 etiam
803 1483 828 1507 pii
848 1483 934 1502 homines
954 1483 973 1502 in
992 1483 1068 1503 fervore
1087 1488 1122 1502 nou

356 1526 400 1540 raro
415 1521 520 1540 excedunt«
537 1520 562 1545 (p.
578 1520 628 1546 192).
643 1520 731 1540 Lancicio
743 1526 819 1545 quoque
834 1520 920 1540 atuibuit
934 1521 1059 1545 Wielewicki,
1073 1519 1123 1546 quod
