1298 1775
927 187 946 202 rx

175 245 262 267 vacabat
276 247 354 272 duxque
368 249 410 267 erat
423 246 587 271 tumultuantium,
602 246 658 271 globo
676 248 768 266 traiectus
778 246 829 267 diem
838 247 899 266 obiret
913 253 945 266 su-

176 290 272 309 premum.
287 285 347 304 Cuius
361 284 418 304 funus
433 285 457 304 ab
471 285 591 304 Academicis
605 285 690 304 maximo
703 290 748 304 cum
762 287 856 309 apparatu
875 285 947 304 deduc-

176 324 218 342 tum
237 328 276 342 non
291 328 353 347 parva
366 328 426 342 causa
440 322 476 342 suit
489 323 509 341 in
522 322 638 342 Societatem
652 322 689 341 odii
704 322 812 342 concitandi
826 324 846 342 et
858 322 945 346 augendi,

174 360 260 379 maxime
273 366 335 384 quum
348 360 417 379 eodem
431 362 516 384 tempore
530 360 680 379 numerosissimi
694 360 736 378 libri
746 362 814 379 contra
823 360 946 383 Societatem,

175 398 298 417 contumeliis
312 397 382 421 referti,
396 403 408 416 a
422 397 563 422 professoribus
576 397 693 417 Academiae
706 397 809 417 ederentur
818 397 843 416 ad
853 397 945 416 invidiam

175 435 193 454 iu
207 435 294 454 Jesuitas
308 435 436 454 conflandam.
450 435 486 458 Qui
500 435 543 454 libri
557 435 651 459 pasquini,
665 436 754 459 quamvis
768 435 793 454 ab
803 435 897 459 episcopis
911 435 945 454 da-

174 473 237 492 mnati
252 475 271 492 et
284 478 424 496 nonnunquam
438 472 513 497 publice
523 478 535 491 a
544 472 634 492 carnifice
648 473 748 496 combusti,
758 473 880 492 nihilominus
889 472 945 492 avide

175 516 187 529 a
201 510 269 529 multis
283 510 400 534 legebantur.
414 510 494 534 Semper
508 511 559 529 enim
573 510 598 534 id,
611 510 663 534 quod
677 510 757 529 vetitum
771 512 805 534 est,
820 516 832 528 a
845 510 945 529 malevolis

175 553 211 572 pro
226 548 278 567 bono
289 550 308 567 et
317 553 363 567 vcro
373 547 460 567 habetur.
474 548 516 571 Quo
526 547 599 566 sactum
613 550 647 571 est,
659 550 680 566 ut
694 547 735 566 lites
745 549 802 572 atque
816 547 947 567 contentiones

175 586 225 605 inter
240 585 357 605 Societatem
371 587 390 604 et
404 585 529 604 Academiam
544 585 691 604 Cracoviensem
701 585 791 605 Societati
804 585 861 610 plura
874 586 947 605 damna

175 626 194 642 et
208 622 338 647 incommoda,
352 622 426 641 nullum
441 622 479 642 fere
493 628 550 641 usum
565 622 687 647 fructumque
700 622 797 642 afferrent.

242 660 308 684 Neque
323 660 402 679 deerant
416 660 465 679 inter
479 665 567 684 proceres
581 660 698 679 Pulonorum
712 662 770 684 atque
780 660 899 680 nobilitatem
913 661 947 680 ad-

176 698 257 717 versarii
276 692 475 722 Societatis‘eiusque
496 697 606 721 scholarum
620 697 748 722 acerbissimi,
771 704 820 722 quos
839 698 888 717 inter
906 698 947 722 ipse

176 736 266 760 princeps
280 735 418 759 numerandus,
433 736 481 759 regis
499 735 615 759 Sigismundi
634 735 683 754 filius
697 735 806 754 Vlaslislaus
823 735 899 760 (postea
913 742 947 755 rex

176 774 234 792 huius
249 773 331 792 nominis
345 772 382 798 IV),
396 773 429 797 qui
443 775 491 792 teste
505 773 546 797 ipso
556 772 679 797 Wielewicki,
689 779 701 792 a
711 773 791 797 pueritia
803 775 871 792 contra
883 773 948 792 Socie-

177 813 237 830 tatem
253 810 278 830 ab
292 811 407 830 instructore
421 816 457 829 suo
470 810 596 829 Ladislawski
605 810 705 830 aversione
715 810 805 834 imbutus,
819 811 879 834 magis
889 811 948 830 etiam

177 848 313 867 concitabatur
331 850 400 867 conisa
417 853 485 867 eorum
503 848 580 867 scholas
598 848 735 867 Cracovienses
750 853 762 867 a
776 848 872 867 Stauislao
886 848 947 867 Lubo-

178 886 249 910 mirski,
263 886 354 910 pincerna
364 886 420 909 regio,
434 888 453 904 et
466 891 479 904 a
492 885 572 909 Georgio
582 885 631 904 duce
645 885 744 909 Zbaraski,
757 885 862 905 castellano
877 885 947 905 Cram-

181 924 242 947 viensi,
257 925 339 947 utroque
353 922 444 942 Societati
461 922 594 942 infensissimo.
613 923 664 942 Inter
682 923 754 942 nobiles
768 928 814 942 vero
828 925 870 942 erat
883 923 947 942 Socie-

184 961 214 979 tati
230 960 373 979 inimicissimus
386 960 470 979 Joannes
485 960 602 983 Zborowski,
621 960 691 979 ensifer
709 960 766 984 regni,
784 961 817 984 qui
831 961 850 979 in
864 961 947 980 comitiis

187 999 231 1021 regni
245 998 333 1017 ordInem
346 1000 456 1021 equestrem
469 999 537 1017 contra
550 998 635 1017 Jesuitas
653 998 763 1017 concitabat
777 998 948 1017 vehementissime.

191 1035 246 1059 Neque
259 1035 341 1055 deerant
354 1035 404 1054 iuter
418 1035 514 1059 praelatos
528 1035 639 1059 adversarii,
653 1036 767 1059 praesertim
776 1035 868 1055 Osficialis
877 1036 949 1055 Craco-

193 1073 250 1092 nensis
262 1073 348 1092 Joaunes
362 1073 470 1097 Zerzynski,
485 1078 590 1097 omnesque
609 1072 649 1092 sei-e
667 1073 747 1096 religiosi
763 1072 899 1093 Cracoviensffi
914 1074 949 1092 ho-

156 1127 160 1130 ,
195 1109 247 1129 stiliter
259 1110 284 1129 de
297 1110 376 1129 Jesuitis
389 1110 501 1129 sentiebant.

243 1148 284 1171 Quo
299 1147 372 1166 factum
386 1150 419 1172 est,
434 1150 455 1166 ut
470 1148 509 1172 ipse
519 1153 553 1166 rex
563 1147 702 1171 Sigismundus,
716 1148 806 1167 Societati
817 1148 949 1172 amicissimus,

147 1193 164 1201 r—
197 1189 284 1209 omnesque
305 1185 375 1204 summi
397 1187 519 1209 protectores,
536 1185 560 1204 de
578 1185 629 1204 bono
647 1188 716 1204 eventu
735 1185 844 1204 scholarum
860 1185 948 1205 dubitare

198 1223 292 1246 uoepissent,
306 1225 335 1242 tot
348 1223 445 1246 tantisque
459 1222 544 1242 deterriti
558 1222 708 1242 difficultatibus.

244 1260 294 1279 Inter
308 1260 376 1279 Patres
390 1260 492 1279 societatis
506 1260 564 1279 etiam
574 1262 629 1279 erant
639 1260 693 1279 multi
708 1260 757 1284 iique
772 1260 874 1284 praecipui,
889 1260 947 1279 imino

162 1309 164 1311 -
198 1295 225 1319 ipse
236 1297 291 1317 Pater
305 1298 409 1321 Generalis,
423 1298 456 1322 qui
470 1303 511 1316 rem
525 1297 574 1317 benc
588 1299 709 1322 perspectam
724 1298 827 1321 habentes,
842 1303 879 1316 non
894 1297 949 1316 dubi-

162 1346 164 1348 >
198 1333 248 1354 ἲᾶῦτιηῑ
261 1341 273 1354 a
287 1335 359 1354 scholis
374 1335 479 1354 Cracoviae
494 1334 601 1359 aperiendis
616 1334 751 1354 abstinendum
765 1340 813 1354 esse.
832 1335 892 1354 Erant
905 1340 950 1358 ergo

162 1384 164 1386 -
200 1370 281 1392 ’diversae
295 1373 406 1396 sententiae,
420 1378 454 1392 seu
469 1372 536 1391 divisio
551 1372 658 1396 linguarum
672 1373 690 1391 in
705 1372 741 1391 lioc
762 1373 847 1396 nogotio«
856 1388 860 1396 ,
874 1374 895 1391 ut
910 1373 950 1397 ipsc

162 1421 165 1423 -
199 1406 297 1429 Wielewicki
312 1412 394 1429 testatur
408 1409 434 1435 (p.
444 1409 496 1434 293).
511 1409 633 1429 Contrarium
642 1410 713 1429 scholis
723 1410 883 1429 Crawviensibus
893 1410 951 1429 fuisse

156 1459 165 1468 s
199 1450 257 1471 ‘tuoque
270 1448 333 1472 ipsum
348 1447 472 1471 Wielewicki,
487 1447 541 1466 facile
553 1448 629 1471 probari
644 1450 707 1471 potest
721 1453 745 1466 ex
759 1448 786 1471 iis,
800 1453 849 1471 quae
864 1453 951 1466 nonnun-

161 1496 165 1498 -
200 1487 244 1506 ‘Imm
256 1487 320 1509 aperte
334 1485 426 1504 decla-rat.

249 1522 295 1542 lutri·
309 1528 376 1542 omnes
390 1524 467 1542 constat
480 1523 596 1542 Societatem
615 1523 653 1542 iam
672 1528 723 1541 annu
744 1522 794 1541 mus
810 1523 890 1541 voluisse
905 1529 951 1547 upe-
