1298 1775
354 186 373 200 Vl

420 245 524 265 Historiam
538 244 607 265 decem
622 250 723 270 annorum,
741 250 800 270 quam
818 250 869 271 nune
887 243 958 270 publici
976 244 1023 264 iuris
1041 243 1129 269 fecimus,

359 283 456 303 scribebat
469 282 589 302 Wielewicki
602 288 625 303 eo
639 284 730 307 tempore,
743 288 782 307 quo
796 282 882 302 secunda
893 283 935 303 viee
944 282 1049 307 Praepositi
1058 287 1132 302 munus

358 321 377 340 in
390 320 452 340 Domo
466 320 556 340 Professa
569 320 595 339 ad
609 320 627 340 S.
641 320 749 340 Barbaram
763 320 837 345 agebat,
851 319 966 340 Craooviam
979 320 997 339 d.
1013 320 1038 339 10
1047 322 1132 345 septem-

357 358 397 378 bris
412 358 464 377 1629
480 358 578 377 Posnania
591 363 687 382 reversus,
700 358 763 382 ibique
776 359 908 377 commoratus
924 363 985 382 usque
999 357 1025 377 ad
1039 363 1056 377 a.
1072 357 1131 382 1633,

360 395 412 420 quod
426 395 482 415 facile
496 395 574 420 probari
587 397 655 420 potest.

423 433 510 453 Nan-ans
523 433 575 452 enim
588 433 669 453 Beatum
682 433 777 452 Joannem
791 433 933 453 Berehmanum
950 433 969 453 S.
983 432 999 452 J.
1012 438 1030 452 a.
1045 432 1098 452 1621
1113 432 1132 452 d.

359 470 384 490 13
396 470 439 495 julii
453 470 505 490 diem
519 470 589 490 obiisse
602 476 719 495 supremum,
733 472 873 490 commemorat
887 471 948 490 vitam
957 470 1056 495 quandam
1070 470 1132 495 ipsius

359 508 475 533 Antverpiae
489 513 540 527 anno
556 507 608 527 1630
622 507 699 527 editam.
712 507 804 532 Idemque
815 513 931 527 enumerans
944 507 1058 527 Sacerdotes
1072 507 1092 527 S.
1109 507 1132 533 J„

358 546 391 570 qui
409 546 429 565 in
446 546 529 570 Japonia
547 545 578 565 die
598 545 623 565 10
641 546 716 570 augusti
736 545 787 565 1622
805 546 920 570 martyrium
934 551 971 570 pro
986 545 1064 565 Christo
1078 545 1132 570 passi

359 585 408 608 suut,
422 583 489 602 laudat
498 584 558 602 vitam
567 583 630 603 Caroli
642 583 738 608 Spinolae,
751 583 868 608 Antverpiae
883 583 935 602 1630
945 575 1021 603 editam.
1036 583 1075 602 Res
1085 588 1132 602 vero

357 623 421 645 gestas
439 621 485 640 anni
507 620 561 640 1625
575 620 616 640 'non
636 620 695 640 fuisse
713 621 833 645 conscriptas
852 620 887 640 nisi
901 626 952 640 anno
967 620 1024 645 1633,
1038 622 1094 645 patet
1108 626 1132 640 ex

358 658 427 682 verbis,
441 664 491 683 quae
505 657 606 682 leguntur:
626 664 688 677 »anno
703 657 755 677 1633
769 658 895 677 videbimus«.

423 695 468 715 Jam
486 701 532 715 vero
551 696 607 715 annis
626 695 772 714 1620—1622
791 696 854 720 prima
872 696 913 715 vice
927 695 1046 715 Wielewicki
1060 701 1133 715 munus

358 733 464 758 Praepositi
485 733 558 752 Domus
576 732 678 753 Professae
691 733 717 752 ad
731 733 750 753 S.
764 733 872 753 Barbara-m
886 733 988 753 exercebat
1001 733 1091 758 hancque
1104 733 1130 753 ob

360 776 440 790 causam
454 771 531 795 saepius
545 771 580 795 ipsi
595 770 625 789 sui
639 770 711 790 mentio
721 770 809 790 facienda
819 770 889 790 eratin
899 771 936 790 hoe
945 770 1042 790 fasciculo.
1057 770 1131 790 Deinde

361 814 407 828 vero
421 814 471 828 anno
486 807 538 827 1622
559 808 578 827 in
593 808 742 832 Congregatione
758 808 870 833 provinciali
886 808 1002 828 Procurator
1017 808 1131 828 Provinciae

361 845 438 870 electus,
452 845 483 865 die
505 845 530 864 12
542 845 593 869 junii
606 845 690 865 Romam
704 851 725 865 se
739 845 819 865 eontulit
832 851 877 865 cum
891 845 910 865 P.
924 845 1023 865 Matthaeo
1039 845 1131 865 Zberow-

360 883 396 907 ski,
409 888 467 907 quem
481 883 554 902 socium
569 883 641 902 itineris
653 883 739 902 habehat
750 883 874 907 assignatum.
884 883 921 902 lter
930 882 1041 902 Romanum
1055 888 1132 907 aggres-

361 926 394 940 sus
407 922 437 940 est
451 921 480 940 die
495 920 507 939 5
521 921 619 945 sequentis
628 921 704 945 mensis,
718 926 756 945 quo
771 922 857 945 tempore
871 921 930 945 pestis
943 920 1069 945 grassabatur
1083 920 1130 941 Cra-

361 958 433 982 eoviae,
448 958 468 977 P.
482 958 603 982 Sigismundo
617 957 693 977 Obricio
707 958 783 977 interim
797 958 849 977 vioes
860 958 901 978 eius
913 958 1005 983 explente.
1019 958 1055 982 Qui
1065 960 1129 978 tamen

361 997 415 1020 peste
429 995 521 1020 abreptus
534 997 568 1019 est,
582 997 687 1019 antequam
707 995 826 1015 Wielewicki
844 1001 910 1015 mense
926 995 1016 1020 januario
1034 996 1130 1020 sequentis

362 1033 406 1052 anni
420 1032 488 1058 (1623)
497 1032 562 1052 Roma
578 1032 654 1057 rediret,
668 1038 727 1057 quam
742 1032 767 1052 ob
783 1038 824 1052 rem
838 1032 857 1052 P.
871 1033 981 1052 Matthaeus
991 1033 1076 1052 Bembus
1090 1039 1128 1053 mu·

361 1076 398 1090 nus
418 1070 524 1095 Praepositi
545 1070 619 1090 Domus
639 1070 665 1090 ad
685 1076 700 1090 s.
719 1070 829 1090 ‘Barbaram
851 1076 885 1095 per
902 1072 1004 1095 sequentes
1016 1073 1057 1090 tres
1071 1076 1134 1091 annos

361 1109 451 1133 suscepit,
465 1108 583 1127 Wielewicki
601 1110 668 1127 autem
688 1107 766 1127 Socium
780 1108 801 1127 P.
815 1108 939 1127 Provincialis
953 1108 1027 1132 Georgii
1040 1108 1139 1132 Tyszkie—

363 1146 410 1165 wicz
429 1147 449 1165 et
466 1145 601 1165 Consultorem
619 1145 732 1165 Provinciae
746 1145 821 1169 agebat,
841 1145 902 1165 donec
916 1151 934 1165 a.
949 1145 1001 1164 1625
1014 1145 1144 1165 Pomaniam

362 1183 474 1202 mitteretur.
488 1183 516 1202 Ibi
533 1182 621 1202 Rectoris
639 1182 717 1207 Collegii
738 1188 818 1202 munere
829 1182 918 1207 fungens,
932 1188 993 1207 usque
1007 1183 1032 1202 ad
1047 1188 1064 1202 a.
1080 1181 1145 1202 1629

364 1221 460 1240 remansit

427 1258 454 1277 De
466 1257 557 1282 fontibus,
571 1258 641 1282 quibus
655 1257 773 1277 Wielewieki
787 1258 806 1277 in
820 1257 962 1277 conseribendis
976 1257 1079 1277 annalibus
1092 1257 1146 1278 suis

363 1301 410 1315 usus
424 1298 458 1320 est„
472 1296 512 1314 iam
525 1296 544 1314 in
558 1295 645 1320 proemio
659 1296 708 1315 tertii
724 1295 810 1314 fasciculi
824 1295 880 1320 plura
891 1296 1093 1320 commemoravimus,
1102 1295 1145 1315 hic

363 1339 414 1353 nova
427 1333 525 1357 quaedam
543 1333 679 1357 subiungimus.
697 1332 785 1352 Citantur
798 1333 855 1357 igitur
868 1333 887 1352 in
904 1332 996 1353 fasciculo
1010 1333 1048 1352 hoc
1062 1335 1144 1358 quarto

364 1370 449 1390 nonnulli
470 1371 501 1389 alii
523 1370 585 1390 fontes
604 1370 735 1395 manuscripti,
756 1376 839 1394 quorum
859 1371 912 1395 prius
925 1371 1042 1390 mentionem
1056 1376 1096 1390 non
1106 1370 1144 1390 ἰε-

363 1410 422 1432 oerat,
436 1413 505 1432 nempe
519 1410 602 1432 quatuor
615 1408 706 1427 historiae
716 1407 851 1432 Collegiomm:
868 1407 992 1432 Calissiensis,
1006 1408 1143 1428 Lublinensis‚

365 1445 500 1465 Posnaniensis
513 1448 532 1465 et
546 1445 683 1469 Varsaviensis,
697 1451 769 1469 omnes,
782 1445 832 1470 proh
846 1445 908 1465 dolor!
918 1445 1018 1470 naufragio
1028 1446 1069 1470 isto,
1079 1441 1144 1471 quod

363 1482 449 1502 Societas
463 1488 513 1502 anno
529 1482 580 1502 1775
594 1488 652 1507 passa
666 1485 700 1507 est,
714 1482 823 1502 destructae
836 1482 867 1502 vel
880 1483 950 1502 saltem
966 1483 1084 1508 submersae,
1099 1487 1145 1503 ex*

365 1522 422 1546 cepta
435 1526 474 1540 una
488 1520 568 1540 historia
582 1520 659 1545 Collegii
670 1520 810 1546 Poenaniensis,
819 1526 869 1546 quae
878 1520 961 1540 imni-itui
971 1520 1051 1541 feliciter
1060 1523 1146 1547 erepta,
