1298 1775
276 576 292 593 P.
300 576 359 593 Vasat-

292 597 343 614 belini

268 624 306 635 eum
313 619 359 635 socio

268 646 290 657 ex
301 645 366 656 earcere

275 662 358 678 liberatur.

283 721 353 737 Litterae

276 742 356 759 Zotkievii

269 764 290 780 md
304 764 365 784 Regem

280 786 296 802 et
307 790 355 801 suam

275 806 361 827 coniugem

301 1029 329 1046 25.

283 1050 352 1066 Nostros

281 1071 355 1088 Cieciora

280 1097 354 1113 egressos

270 1115 326 1130 hostes
338 1119 365 1134 ng-

269 1136 366 1156 grediuntur

277 1157 321 1174 irritu
333 1162 360 1173 eo-

294 1180 340 1195 nutu,

274 1232 334 1248 lterum
340 1232 360 1248 ir-

270 1255 325 1273 ruunt=
337 1253 365 1269 sed

278 1275 360 1295 repellun-

302 1298 333 1312 tur.

275 1435 328 1451 Noetu
340 1435 361 1451 si-

285 1457 306 1472 nii
309 1457 349 1473 litor.

374 186 400 205 26
700 185 759 201 Annus
771 185 818 202 162⁰.

374 251 394 264 re
408 245 468 264 nostri
482 245 507 264 ad
522 245 636 270 Episcopum
650 244 823 270 Cracoviensem¹)‚
837 245 869 269 qui
883 245 941 264 etiam
953 244 977 264 ad
987 245 1085 264 comitiola
1094 245 1132 264 Pm-

374 280 481 299 sovicensia
495 282 578 299 venerat.
592 279 663 299 Statim
676 280 713 299 hac
728 285 748 299 re
762 280 838 304 cognita
852 280 953 299 Rectorem
970 279 1092 304 Academiae,
1107 280 1132 304 qui

375 314 488 334 Prosovicos
502 314 527 333 ob
541 315 578 334 hoc
592 315 690 339 negocium
704 317 819 338 accurrerat
834 314 859 333 ad
867 320 888 333 se
898 317 955 334 vocat
963 316 982 333 et
992 315 1076 338 graviter
1083 314 1132 333 inter-
1154 340 1157 341 γ

375 349 425 373 dicit,
439 355 462 368 ne
477 349 515 368 ullo
529 349 586 368 inodo
601 349 686 373 aliquam
700 350 756 368 huius
770 349 797 368 rei
811 349 928 368 mentionem
937 349 1000 368 faciat
1015 349 1103 373 Cumque
1109 349 1132 368 ille

375 384 469 408 obiioerer,
483 389 503 403 se
517 386 536 403 et
550 389 595 403 suos
609 386 699 408 metuere,
713 389 737 403 no
751 384 818 403 Patres
831 383 932 403 Societatis
942 383 1015 403 reditus
1024 383 1131 403 Academiae

375 424 468 443 usurpare
482 418 556 442 vellent,
571 419 625 438 iussit
639 418 744 443 Episcopus
758 424 792 438 eos
805 424 848 438 esse
861 424 940 438 securos
954 421 973 437 et
986 418 1090 443 spopondit
1103 418 1131 437 Pa-

375 455 418 477 tres,
433 453 448 472 si
462 453 539 472 scholas
553 453 658 472 Craeoviae
672 453 776 477 aliquando
789 453 896 477 habuerint,
906 458 944 472 non
958 453 983 472 ab
993 452 1130 472 Academiased

375 488 452 507 aliunde
468 488 540 507 reditus
559 488 663 507 habituros.
691 488 769 507 Addidit
782 490 802 507 et
816 488 866 512 illud,
885 488 962 507 scholas
980 487 1081 507 Socieums
1100 493 1129 506 non

375 522 476 542 obfuturas
490 523 610 547 Academiae,
624 523 657 542 sed
672 523 735 547 potius
749 525 862 542 ornamento
876 525 895 542 et
909 523 980 542 auxilio
995 522 1075 542 suturas.

439 562 455 578 F.
467 562 525 578 Daniel
537 562 641 578 Vasarhelini
653 567 691 578 eum
703 562 755 578 Paulo
766 561 850 579 Czomosai
858 562 937 578 Adiutore
949 564 1031 578 venerunt
1042 561 1128 578 emonam

375 592 405 608 22-
414 592 461 608 istius
473 592 540 612 mensis,
552 592 616 608 liberati
627 597 647 608 ex
659 596 724 608 carcere
734 592 823 612 Juinenn,
834 592 851 608 in
863 596 912 612 quern
923 597 934 608 a
947 591 1046 608 Gaborianis
1060 591 1129 608 milifibw

376 623 423 637 erant
435 621 504 638 coniecti
516 623 532 637 et
544 621 560 637 in
572 626 605 641 quo
617 625 646 637 sex
659 622 692 637 fere
707 626 773 637 menses
790 621 910 637 detinebantur.
933 621 1004 637 Liberati
1019 622 1076 637 autem
1092 622 1128 637 aaut

376 651 452 671 precibus
464 650 534 667 Palatini
546 650 639 671 Hungariae
650 650 668 666 D¹
677 651 747 671 Forgaez
758 652 775 667 et
786 650 822 667 eius
833 650 908 671 coniugis
916 650 956 666 etin
964 650 1014 667 domo
1027 650 1043 667 S.
1058 650 1128 666 Barbam

377 680 471 700 manebant,
483 680 608 701 dispositionem
620 680 726 701 superiorum
737 680 757 696 de
769 685 786 696 se
798 681 909 701 expectantes.

440 715 549 735 Stanislaus
562 715 670 735 Zolkievius
683 721 707 735 ex
722 716 791 735 castris
808 715 959 735 Cieciorensibus
973 715 1008 734 24·
1021 715 1128 740 Septembris

376 752 396 770 et
410 750 434 769 ad
449 750 520 774 Regem
534 750 677 774 sigismundum
690 750 712 769 IIl
726 753 745 769 et
759 750 784 769 ad
798 756 855 769 suam
868 750 968 774 coniugem
982 750 1077 770 Zolkvzun
1089 749 1130 769 misit

377 785 450 804 litteras
464 785 488 804 de
503 785 525 804 iis
539 785 652 809 significans,
666 791 716 809 quae
729 791 773 804 eum
788 785 843 804 hoste
861 785 1009 804 intercesserant
1028 790 1052 804 ac
1066 785 1130 807 nostris

376 822 396 839 et
409 820 433 839 de
447 826 470 839 eo
484 822 541 844 statu,
556 820 574 839 in
589 826 627 844 qun
641 820 680 839 iam
694 820 734 844 ipse
747 822 799 839 esset
814 825 859 839 cum
877 820 960 844 reliquis,
977 820 1008 844 qui
1023 821 1130 844 supererant

376 854 453 874 Nullum
467 857 531 874 tamen
546 855 650 874 nominavit
664 860 687 874 ex
702 855 729 878 iis,
743 855 775 878 qui
788 860 813 874 ex
826 855 895 874 castris
909 854 1044 879 profugerant;
1066 856 1130 873 tantum

375 895 409 909 eos
423 889 441 908 in
456 890 552 909 communi
566 890 670 913 accusavit,
684 889 735 913 quod
750 891 812 908 totum
826 890 931 908 exercitum
948 889 1104 908 conturbaverint
1117 889 1130 907 et

376 924 501 943 confuderint.
516 924 538 943 Et
552 924 609 943 simul
623 924 695 948 suadet7
710 926 732 943 ut
745 930 781 943 sua
795 924 885 943 Maiestas
899 924 923 943 de
933 924 1023 943 subsidiis
1032 929 1057 943 ao
1066 923 1131 948 supple-

376 959 445 978 mentis
459 959 533 982 eogitet,
547 964 630 983 quorum
643 959 777 978 necessitatem
792 959 898 978 maximam
911 959 954 983 ipsa
967 964 999 978 res
1008 958 1096 978 ostendit.
1103 958 1131 977 Ex-

377 995 419 1012 tant
432 993 484 1018 apud
498 994 562 1012 varios
577 994 657 1012 istarum
672 993 771 1012 literarum
780 994 851 1018 copiae.

440 1028 503 1047 Nostri
525 1028 652 1048 Cieciorensia
672 1030 737 1047 castra
751 1028 878 1052 relinquentes
892 1028 927 1046 29·
935 1028 991 1047 huius
1005 1028 1077 1047 mensis
1090 1028 1133 1047 cirea

377 1068 482 1087 vesperam,
492 1063 586 1082 instructa
599 1063 640 1082 acie
653 1065 673 1082 et
687 1063 734 1082 bene
748 1063 822 1082 inunita
836 1069 848 1082 a
863 1063 924 1082 fronte
938 1065 957 1082 et
971 1068 983 1082 a
998 1065 1050 1087 tergo
1058 1065 1133 1082 tormen-

377 1098 406 1121 tis,
416 1098 434 1116 in
448 1098 511 1117 medio
524 1098 612 1117 curribus
626 1103 650 1117 ac
664 1098 760 1121 vehiculis,
774 1103 824 1122 quae
838 1100 911 1122 septem
920 1097 1019 1117 ordinibus
1029 1097 1135 1117 incedebam

377 1134 396 1151 et
409 1138 458 1156 quae
472 1133 591 1157 antepositus
606 1133 686 1157 propriis
705 1133 762 1156 signis
776 1133 864 1156 cingebat
878 1132 937 1156 miles,
951 1132 1046 1151 introrsus
1063 1131 1136 1156 impedi-

376 1167 446 1186 mentis
459 1169 478 1186 et
491 1168 545 1191 equis
559 1168 645 1191 receptis,
660 1167 721 1186 itineri
735 1173 756 1186 se
772 1167 819 1186 dare
833 1169 942 1191 coeperunt.
965 1167 1015 1186 Nihil
1029 1167 1093 1186 minus
1106 1166 1136 1185 ho-

377 1204 416 1221 stes
430 1202 558 1226 expectabant
572 1201 652 1226 ideoque
666 1202 730 1221 subito
749 1204 874 1221 accurrerunt
891 1204 911 1221 et
930 1204 971 1221 tota
990 1203 1045 1221 nocte
1064 1203 1136 1221 nostros

377 1236 545 1261 persequebantur,
559 1236 593 1256 sed
607 1237 660 1256 irrito
674 1239 749 1256 oonatu.
768 1236 809 1256 Sub
827 1239 891 1256 ortum
910 1236 955 1255 solis
974 1235 1009 1255 30·
1023 1236 1137 1260 Septembris

378 1273 418 1290 toto
432 1271 503 1295 impetu
517 1272 536 1290 in
550 1274 627 1290 nostros
641 1272 741 1295 irruerunt,
755 1271 835 1295 ideoque
852 1271 995 1290 consistendum
1011 1271 1082 1290 nostris
1099 1270 1138 1290 erat

377 1308 396 1325 et
410 1312 455 1325 cum
469 1306 523 1325 hoste
537 1305 680 1330 confligendum.
699 1306 777 1325 Duabus
792 1306 831 1325 fere
850 1306 902 1325 horis
919 1308 938 1325 et
953 1306 1052 1325 toi-mentis
1071 1305 1140 1325 bellicis

377 1343 396 1360 et
408 1340 502 1360 Janiczeri
516 1341 586 1365 selopis
600 1343 677 1360 nostros
687 1341 769 1365 graviter
779 1341 907 1365 impetebant;
922 1340 986 1360 divino
996 1343 1060 1360 tamen
1071 1340 1140 1359 auxilio

377 1376 404 1394 ita
418 1376 481 1394 reiecti
495 1378 544 1399 sunt„
560 1377 580 1395 ut
594 1375 698 1395 abscedere
712 1378 829 1400 oogerentur,
851 1375 901 1394 unde
915 1376 973 1395 etiam
987 1375 1059 1399 aliquid
1074 1375 1141 1400 quietis

377 1410 486 1429 habuerunt
499 1412 518 1429 et
532 1410 636 1429 transferre
650 1412 715 1429 eastra
728 1411 746 1429 in
764 1411 853 1429 tutiorem
872 1410 937 1429 locum
955 1411 1015 1429 nostri
1034 1411 1142 1434 potuerunt-

378 1444 472 1469 Coeptum
486 1445 555 1464 iterum
568 1445 634 1469 primis
648 1445 731 1464 tenebris
745 1446 785 1469 iter,
801 1445 883 1469 undique
897 1446 983 1469 cingente
997 1445 1058 1469 hoste,
1072 1447 1092 1464 et
1108 1450 1144 1464 nor

377 1481 446 1498 cturna
460 1480 552 1503 ignoratio
566 1480 620 1503 ictus,
634 1480 707 1499 sonitus
721 1480 838 1504 bellantium,
855 1480 1001 1503 accurrentium,
1020 1480 1112 1503 euntium,
1127 1484 1147 1498 a

443 1537 455 1559 ¹)
466 1537 546 1554 Martinus
558 1538 679 1559 Szyszkowski.
